<record><leader>00000cas a22000007a 4500</leader><controlfield tag="001">13475783</controlfield><controlfield tag="008">860422d18561859wvudr ne      0    0eng d</controlfield><datafield ind1=" " ind2=" " tag="010"><subfield code="a">sn 86092494 </subfield></datafield><datafield ind1=" " ind2=" " tag="040"><subfield code="a">WVC</subfield><subfield code="b">eng</subfield><subfield code="c">WVC</subfield><subfield code="d">DLC</subfield><subfield code="d">WVC</subfield><subfield code="d">DLC</subfield><subfield code="d">OCL</subfield><subfield code="d">OCLCQ</subfield></datafield><datafield ind1=" " ind2=" " tag="042"><subfield code="a">msc</subfield></datafield><datafield ind1="0" ind2="0" tag="245"><subfield code="a">Daily Wheeling times.</subfield></datafield><datafield ind1=" " ind2=" " tag="260"><subfield code="a">Wheeling, Va. [W. Va.] :</subfield><subfield code="b">Times Pub. Co.</subfield></datafield><datafield ind1=" " ind2=" " tag="300"><subfield code="a">v.</subfield></datafield><datafield ind1=" " ind2=" " tag="310"><subfield code="a">Daily</subfield></datafield><datafield ind1="1" ind2=" " tag="362"><subfield code="a">Began in 1856; ceased in 1859.</subfield><subfield code="z">Cf. Norona and Shetler. W. Va. Imprints.</subfield></datafield><datafield ind1=" " ind2=" " tag="500"><subfield code="a">"American Party."</subfield></datafield><datafield ind1=" " ind2=" " tag="500"><subfield code="a">Editor: Wm. S. Gilman.</subfield></datafield><datafield ind1=" " ind2=" " tag="588"><subfield code="a">Description based on: Vol. 28, no. 145 (June 17, 1856).</subfield></datafield><datafield ind1=" " ind2=" " tag="752"><subfield code="a">United States</subfield><subfield code="b">West Virginia</subfield><subfield code="c">Ohio</subfield><subfield code="d">Wheeling.</subfield></datafield><datafield ind1="0" ind2=" " tag="775"><subfield code="t">Wheeling gazette (Wheeling, Va. : 1846)</subfield><subfield code="w">(DLC)sn 86092489</subfield></datafield><datafield ind1="0" ind2="0" tag="780"><subfield code="t">Daily Wheeling times and gazette</subfield><subfield code="w">(DLC)sn 84038591</subfield></datafield><datafield ind1="0" ind2="7" tag="785"><subfield code="t">Wheeling Argus (Wheeling, Va. : 1856)</subfield><subfield code="w">(DLC)sn 86092505</subfield></datafield><datafield ind1="0" ind2="7" tag="785"><subfield code="t">Daily union (Wheeling, Va.)</subfield><subfield code="w">(DLC)sn 86092506</subfield></datafield><datafield ind1="1" ind2=" " tag="029"><subfield code="a">AU@</subfield><subfield code="b">000025800634</subfield></datafield></record>